

<record xmlns="http://www.loc.gov/MARC21/slim"
xmlns:xsi="http://www.w3.org/2001/XMLSchema-instance"
xsi:schemaLocation="http://www.loc.gov/MARC21/slim
http://www.loc.gov/standards/marcxml/schema/MARC21slim.xsd">
  <leader>     nam a22        4500</leader>
  <controlfield tag="001">ck8300081</controlfield>
  <controlfield tag="003">CZ PrNK</controlfield>
  <controlfield tag="005">20021205124928.0</controlfield>
  <controlfield tag="007">tu</controlfield>
  <controlfield tag="008">830303s1982    xr           u0|0   cze</controlfield>
  <datafield tag="015" ind1=" " ind2=" ">
    <subfield code="a">cnb000000099</subfield>
  </datafield>
  <datafield tag="020" ind1=" " ind2=" ">
    <subfield code="q">(Brož.) :</subfield>
    <subfield code="c">Kčs 10,50</subfield>
  </datafield>
  <datafield tag="035" ind1=" " ind2=" ">
    <subfield code="a">(OCoLC)39560702</subfield>
  </datafield>
  <datafield tag="040" ind1=" " ind2=" ">
    <subfield code="a">ABA001</subfield>
    <subfield code="b">cze</subfield>
    <subfield code="d">ABA001</subfield>
  </datafield>
  <datafield tag="080" ind1=" " ind2=" ">
    <subfield code="a">339.923</subfield>
    <subfield code="2">undef</subfield>
  </datafield>
  <datafield tag="100" ind1="1" ind2=" ">
    <subfield code="a">Valouch, Josef</subfield>
    <subfield code="4">aut</subfield>
  </datafield>
  <datafield tag="245" ind1="1" ind2="0">
    <subfield code="a">Socialistická soutěž ekonomická integrace :</subfield>
    <subfield code="b">určeno pro posl. všech fakult VŠE /</subfield>
    <subfield code="c">Josef Valouch ... [aj.]</subfield>
  </datafield>
  <datafield tag="250" ind1=" " ind2=" ">
    <subfield code="a">2., přeprac. vyd., (1. vyd. v SPN)</subfield>
  </datafield>
  <datafield tag="260" ind1=" " ind2=" ">
    <subfield code="a">Praha :</subfield>
    <subfield code="b">SPN,</subfield>
    <subfield code="c">1982</subfield>
    <subfield code="e">(Ostrava :</subfield>
    <subfield code="f">MTZ 21)</subfield>
  </datafield>
  <datafield tag="300" ind1=" " ind2=" ">
    <subfield code="a">130 s. :</subfield>
    <subfield code="b">tb. ;</subfield>
    <subfield code="c">30 cm</subfield>
  </datafield>
  <datafield tag="500" ind1=" " ind2=" ">
    <subfield code="a">Vydavatel: VŠE v Praze</subfield>
  </datafield>
  <datafield tag="500" ind1=" " ind2=" ">
    <subfield code="a">Rozmn.</subfield>
  </datafield>
  <datafield tag="500" ind1=" " ind2=" ">
    <subfield code="a">5000 výt.</subfield>
  </datafield>
  <datafield tag="655" ind1=" " ind2="7">
    <subfield code="a">učebnice vysokých škol</subfield>
    <subfield code="7">fd133772</subfield>
    <subfield code="2">czenas</subfield>
  </datafield>
  <datafield tag="710" ind1="2" ind2=" ">
    <subfield code="a">Vysoká škola ekonomická v Praze</subfield>
    <subfield code="7">kn20010709403</subfield>
  </datafield>
  <datafield tag="964" ind1=" " ind2=" ">
    <subfield code="a">integrace hospodářská socialistická - země RVHP - učebnice vysokošk.</subfield>
  </datafield>
  <datafield tag="998" ind1=" " ind2=" ">
    <subfield code="a">http://aleph.nkp.cz/F/?func=direct&amp;doc_number=000000099&amp;local_base=CNB</subfield>
  </datafield>
</record>